<record xmlns='http://www.loc.gov/MARC21/slim'><leader>01305cim a22002652u 4500</leader><controlfield tag='001'>3603352</controlfield><controlfield tag='005'>20151214183258.0</controlfield><controlfield tag='007'>ss|lmnjluz|nuu</controlfield><controlfield tag='008'>991101s1992    nyunnn         l    eng d</controlfield><datafield ind1=' ' ind2=' ' tag='035'><subfield code='a'>(NIC)notisASG0417</subfield></datafield><datafield ind1=' ' ind2=' ' tag='035'><subfield code='a'>3603352</subfield></datafield><datafield ind1=' ' ind2=' ' tag='035'><subfield code='a'>(OCoLC)63900825</subfield></datafield><datafield ind1=' ' ind2=' ' tag='040'><subfield code='a'>NIC</subfield><subfield code='c'>NIC</subfield><subfield code='d'>NIC</subfield></datafield><datafield ind1='1' ind2=' ' tag='100'><subfield code='a'>Denes, Agnes.</subfield></datafield><datafield ind1='1' ind2='0' tag='245'><subfield code='a'>Mapping the invisible</subfield><subfield code='h'>[sound recording]</subfield></datafield><datafield ind1=' ' ind2=' ' tag='260'><subfield code='c'>1992.</subfield></datafield><datafield ind1=' ' ind2=' ' tag='300'><subfield code='a'>1 sound cassette (75 min.) :</subfield><subfield code='b'>analog, mono.</subfield></datafield><datafield ind1=' ' ind2=' ' tag='500'><subfield code='a'>Recorded in Ithaca, NY by Cornell University.</subfield></datafield><datafield ind1=' ' ind2=' ' tag='500'><subfield code='a'>Sponsored by: Art, Department of,Johnson Museum of Art.</subfield></datafield><datafield ind1=' ' ind2=' ' tag='500'><subfield code='a'>Speaker(s): Visual artist, a retrospective of whose work is on exhibit at the Johnson Museum of Art, Fall 1992.</subfield></datafield><datafield ind1=' ' ind2=' ' tag='518'><subfield code='a'>Lecture, October 14, 1992.</subfield></datafield><datafield ind1=' ' ind2=' ' tag='520'><subfield code='a'>In this lecture, delivered during a retrospective of her work at the Johnson Art Museum at Cornell, Fall 1992, Denes reflects on  themes of her work as a visual artist such as mapping the invisible, mapping thoughts, the discovery of truth, reality and misconception. Specific works described include her &quot;Pyramid Series&quot;, in which she translates Pascal&apos;s triangle into visual form, &quot;Tree Mountain&quot;, and &quot;Wheat Field&quot;.</subfield></datafield><datafield ind1=' ' ind2='0' tag='830'><subfield code='a'>Nancy G. Dickenson visiting artist lectures.</subfield></datafield><datafield ind1='1' ind2=' ' tag='899'><subfield code='a'>CULectures</subfield></datafield><datafield ind1=' ' ind2=' ' tag='905'><subfield code='a'>19991201120000.0</subfield></datafield></record>